<?xml version="1.0" encoding="UTF-8"?><collection xmlns="http://www.loc.gov/MARC21/slim"><record><leader>00597nam--2200193-u-4500</leader><controlfield tag="001">000051136</controlfield><controlfield tag="002">20161230</controlfield><controlfield tag="005">20161230201049</controlfield><controlfield tag="008">080522s1000------------r-----000-0-eng-d</controlfield><datafield ind1=" " ind2=" " tag="020"><subfield code="a">1594543046</subfield></datafield><datafield ind1=" " ind2=" " tag="040"><subfield code="a">IFIN-HH</subfield></datafield><datafield ind1=" " ind2=" " tag="080"><subfield code="a">538.945:53.06</subfield></datafield><datafield ind1="1" ind2=" " tag="100"><subfield code="a">Narlikar, Anant (Ed.)</subfield></datafield><datafield ind1="1" ind2="0" tag="245"><subfield code="a">Vortex Physics and Flux Pinning</subfield><subfield code="c">Anant Narlikar (Ed.)</subfield></datafield><datafield ind1=" " ind2=" " tag="260"><subfield code="a">New York</subfield><subfield code="b">Nova Science Publishers, Inc</subfield><subfield code="c">2005</subfield></datafield><datafield ind1=" " ind2=" " tag="300"><subfield code="a">270 p</subfield></datafield><datafield ind1=" " ind2=" " tag="490"><subfield code="a">Studies of High Temperature Superconductors (Advances in Research amd Applications)</subfield><subfield code="v">vol. 48</subfield></datafield><datafield ind1=" " ind2=" " tag="852"><subfield code="a">82064</subfield><subfield code="c">538.9</subfield></datafield><datafield ind1=" " ind2=" " tag="CAT"><subfield code="a">Sys</subfield><subfield code="c">20110104</subfield><subfield code="h">144615</subfield></datafield></record></collection>